@article{Barbon:777,
      author         = "Maldacena, Juan Martin and Ooguri, Hirosi",
      title          = "{Strings in AdS(3) and SL(2,R) WZW model 1.: The
                        Spectrum}",
      journal        = "J. Math. Phys.",
      volume         = "42",
      year           = "2001",
      pages          = "2929-2960",
      doi            = "10.1063/1.1377273",
      eprint         = "hep-th/0001053",
      archivePrefix  = "arXiv",
      primaryClass   = "hep-th",
      reportNumber   = "CALT-68-2245, CITUSC-99-010, HUTP-99-A027, LBNL-44375,
                        UCB-PTH-99-48, LBL-44375",
      SLACcitation   = "%%CITATION = HEP-TH/0001053;%%"
}
@article{Maldacena:2000kv,
      author         = "Maldacena, Juan Martin and Ooguri, Hirosi and Son, John",
      title          = "{Strings in AdS(3) and the SL(2,R) WZW model. Part 2.
                        Euclidean black hole}",
      journal        = "J. Math. Phys.",
      volume         = "42",
      year           = "2001",
      pages          = "2961-2977",
      doi            = "10.1063/1.1377039",
      eprint         = "hep-th/0005183",
      archivePrefix  = "arXiv",
      primaryClass   = "hep-th",
      reportNumber   = "CALT-68-2266, CITUSC-00-021, HUTP-00-A009, UCB-PTH-00-10",
      SLACcitation   = "%%CITATION = HEP-TH/0005183;%%"
}
@article{Maldacena:2001km,
      author         = "Maldacena, Juan Martin and Ooguri, Hirosi",
      title          = "{Strings in AdS(3) and the SL(2,R) WZW model. Part 3.
                        Correlation functions}",
      journal        = "Phys. Rev.",
      volume         = "D65",
      year           = "2002",
      pages          = "106006",
      doi            = "10.1103/PhysRevD.65.106006",
      eprint         = "hep-th/0111180",
      archivePrefix  = "arXiv",
      primaryClass   = "hep-th",
      reportNumber   = "CALT-68-2360, CITUSC-01-042",
      SLACcitation   = "%%CITATION = HEP-TH/0111180;%%"
}
@article{Gaberdiel:2018rqv,
      author         = "Gaberdiel, Matthias R. and Gopakumar, Rajesh",
      title          = "{Tensionless string spectra on AdS$_{3}$}",
      journal        = "JHEP",
      volume         = "05",
      year           = "2018",
      pages          = "085",
      doi            = "10.1007/JHEP05(2018)085",
      eprint         = "1803.04423",
      archivePrefix  = "arXiv",
      primaryClass   = "hep-th",
      SLACcitation   = "%%CITATION = ARXIV:1803.04423;%%"
}

@article{Eberhardt:2018ouy,
      author         = "Eberhardt, Lorenz and Gaberdiel, Matthias R. and
                        Gopakumar, Rajesh",
      title          = "{The Worldsheet Dual of the Symmetric Product CFT}",
      journal        = "JHEP",
      volume         = "04",
      year           = "2019",
      pages          = "103",
      doi            = "10.1007/JHEP04(2019)103",
      eprint         = "1812.01007",
      archivePrefix  = "arXiv",
      primaryClass   = "hep-th",
      SLACcitation   = "%%CITATION = ARXIV:1812.01007;%%"
}

@article{Eberhardt:2019qcl,
      author         = "Eberhardt, Lorenz and Gaberdiel, Matthias R.",
      title          = "{String theory on $\boldsymbol{\text{AdS}_{\mathbf{3}}}$
                        and the symmetric orbifold of Liouville theory}",
      journal        = "Nucl. Phys.",
      volume         = "B948",
      year           = "2019",
      pages          = "114774",
      doi            = "10.1016/j.nuclphysb.2019.114774",
      eprint         = "1903.00421",
      archivePrefix  = "arXiv",
      primaryClass   = "hep-th",
      SLACcitation   = "%%CITATION = ARXIV:1903.00421;%%"
}
